<?xml version="1.0" encoding="UTF-8"?><record xmlns="http://www.loc.gov/MARC21/slim" xmlns:cinclude="http://apache.org/cocoon/include/1.0" xmlns:zs="http://www.loc.gov/zing/srw/">
  <leader>00458nz  a2200133n  4500</leader>
  <controlfield tag="001">n  97101260 </controlfield>
  <controlfield tag="003">DLC</controlfield>
  <controlfield tag="005">19971006110738.2</controlfield>
  <controlfield tag="008">971006n| acannaab|          |a aaa |||  </controlfield>
  <datafield tag="010" ind1=" " ind2=" ">
    <subfield code="a">n  97101260 </subfield>
  </datafield>
  <datafield tag="040" ind1=" " ind2=" ">
    <subfield code="a">DLC</subfield>
    <subfield code="c">DLC</subfield>
  </datafield>
  <datafield tag="100" ind1="1" ind2="0">
    <subfield code="a">Wehl, Yaakov.</subfield>
    <subfield code="t">Ḳunṭres ʻIḳve Aharon u-Fesher davar (Yevamot)</subfield>
  </datafield>
  <datafield tag="400" ind1="1" ind2="0">
    <subfield code="a">Wehl, Yaakov.</subfield>
    <subfield code="t">Ḳunṭres ʻIḳve Aharon u-Fesher davar</subfield>
  </datafield>
  <datafield tag="670" ind1=" " ind2=" ">
    <subfield code="a">Ḳunṭres ʻIḳve Aharon u-Fesher Davar, 1993?:</subfield>
    <subfield code="b">t.p. (ʻal Masekhet Yevamont</subfield>
  </datafield>
</record>